<?xml version="1.0" encoding="UTF-8"?>
<marc:collection xmlns:marc="http://www.loc.gov/MARC21/slim"
    xmlns:xsi="http://www.w3.org/2001/XMLSchema-instance"
    xsi:schemaLocation="http://www.loc.gov/MARC21/slim http://www.loc.gov/standards/marcxml/schema/MARC21slim.xsd">
   
    <marc:record>
        <marc:leader>11111nam a2200553ui 4500</marc:leader>
        <marc:controlfield tag="001">245-test00</marc:controlfield>
        <marc:datafield tag="245" ind1="1" ind2="0">
            <marc:subfield code="a">Countries of the world.</marc:subfield>
            <marc:subfield code="a">Test</marc:subfield>
            <marc:subfield code="p">Brazil =</marc:subfield>
            <marc:subfield code="b">Countries of the world.</marc:subfield>
            <marc:subfield code="p">Brasil /</marc:subfield>
            <marc:subfield code="c">by Adam.</marc:subfield>
        </marc:datafield>
    </marc:record>