
    <marc:record>
        <marc:leader>11111nam a2200553ui 4500</marc:leader>
        <marc:controlfield tag="001">245-test01</marc:controlfield>
        <marc:datafield tag="245" ind1="1" ind2="0">
            <marc:subfield code="a">Uluru / Ayers Rock /</marc:subfield>
            <marc:subfield code="c">by John Smith.</marc:subfield>
        </marc:datafield>
    </marc:record>