
    <marc:record>
        <marc:leader>11111nam a2200553ui 4500</marc:leader>
        <marc:controlfield tag="001">245-test3</marc:controlfield>
        <marc:datafield tag="245" ind1="0" ind2="0">
            <marc:subfield code="a">Concerto for piano, with chamber music ensemble, op. 26 (1961).</marc:subfield>
        </marc:datafield>
    </marc:record>