
    <marc:record>
        <marc:leader>11111nam a2200553ui 4500</marc:leader>
        <marc:controlfield tag="001">245-test4</marc:controlfield>
        <marc:datafield tag="245" ind1="1" ind2="0">
            <marc:subfield code="a">[Seventeen poems].</marc:subfield>
        </marc:datafield>
    </marc:record>