
    <marc:record>
        <marc:leader>11111nam a2200553ui 4500</marc:leader>
        <marc:controlfield tag="001">245-test7</marc:controlfield>
        <marc:datafield tag="245" ind1="1" ind2="0">
            <marc:subfield code="a">Cancer research :</marc:subfield>
            <marc:subfield code="b">official organ of the American Association for Cancer Research, Inc.</marc:subfield>
        </marc:datafield>
    </marc:record>