
    <marc:record>
        <marc:leader>11111nam a2200553ui 4500</marc:leader>
        <marc:controlfield tag="001">245-test10</marc:controlfield>
        <marc:datafield tag="245" ind1="1" ind2="0">
            <marc:subfield code="a">Rock mechanics :</marc:subfield>
            <marc:subfield code="b">journal of the International Society for Rock Mechanics = Felsmechanik.</marc:subfield>
        </marc:datafield>
    </marc:record>