
    <marc:record>
        <marc:leader>11111nam a2200553ui 4500</marc:leader>
        <marc:controlfield tag="001">245-test11</marc:controlfield>
        <marc:datafield tag="245" ind1="1" ind2="5">
            <marc:subfield code="a">Tōn Diōnos Rōmaikōn historiōn eikositria biblia =</marc:subfield>
            <marc:subfield code="b">Dionis Romanarum historiarum libri XXIII, à XXXVI ad LVIII vsque.</marc:subfield>
        </marc:datafield>
    </marc:record>