
    <marc:record>
        <marc:leader>11111nam a2200553ui 4500</marc:leader>
        <marc:controlfield tag="001">245-test14</marc:controlfield>
        <marc:datafield tag="245" ind1="0" ind2="0">
            <marc:subfield code="a">Love from Joy :</marc:subfield>
            <marc:subfield code="b">letters from a farmer’s wife.</marc:subfield>
            <marc:subfield code="n">Part III,</marc:subfield>
            <marc:subfield code="p">1987-1995, At the bungalow.</marc:subfield>
        </marc:datafield>
    </marc:record>