
    <marc:record>
        <marc:leader>11111nam a2200553ui 4500</marc:leader>
        <marc:controlfield tag="001">245-test15</marc:controlfield>
        <marc:datafield tag="245" ind1="0" ind2="0">
            <marc:subfield code="a">Proceedings /</marc:subfield>
            <marc:subfield code="c">Fake Society</marc:subfield>
        </marc:datafield>
    </marc:record>