
    <marc:record>
        <marc:leader>11111nam a2200553ui 4500</marc:leader>
        <marc:controlfield tag="001">245-test17</marc:controlfield>
        <marc:datafield tag="245" ind1="0" ind2="0">
            <marc:subfield code="a">Short-Harrison-Symmes family papers,</marc:subfield>
            <marc:subfield code="f">1760-1878.</marc:subfield>
        </marc:datafield>
    </marc:record>