
    <marc:record>
        <marc:leader>11111nam a2200553ui 4500</marc:leader>
        <marc:controlfield tag="001">245-test20</marc:controlfield>
        <marc:datafield tag="245" ind1="0" ind2="0">
            <marc:subfield code="a">Oklahoma</marc:subfield>
            <marc:subfield code="h">[sound recording] ;</marc:subfield>
            <marc:subfield code="b">Carousel ; South Pacific ; Yokels in Paradise</marc:subfield>
        </marc:datafield>
    </marc:record>