
    <marc:record>
        <marc:leader>11111nam a2200553ui 4500</marc:leader>
        <marc:controlfield tag="001">245-test21</marc:controlfield>
        <marc:datafield tag="245" ind1="0" ind2="3">
            <marc:subfield code="a">La mer</marc:subfield>
            <marc:subfield code="h">[sound recording] ;</marc:subfield>
            <marc:subfield code="b">Khamma ; Rhapsody for clarinet and orchestra /</marc:subfield>
            <marc:subfield code="c">Claude Debussy.</marc:subfield>
        </marc:datafield>
    </marc:record>