
    <marc:record>
        <marc:leader>11111nam a2200553ui 4500</marc:leader>
        <marc:controlfield tag="001">245-test23</marc:controlfield>
        <marc:datafield tag="245" ind1="0" ind2="0">
            <marc:subfield code="a">Concerto per piano n. 21, K 467</marc:subfield>
            <marc:subfield code="h">[sound recording] ;</marc:subfield>
            <marc:subfield code="c">W.A. Mozart. L’assedio di Corinto. Ouverture / G. Rossini.</marc:subfield>
        </marc:datafield>
    </marc:record>