
    <marc:record>
        <marc:leader>11111nam a2200553ui 4500</marc:leader>
        <marc:controlfield tag="001">245-test24</marc:controlfield>
        <marc:datafield tag="245" ind1="1" ind2="0">
            <marc:subfield code="a">Four years at Yale :</marc:subfield>
            <marc:subfield code="k">diaries,</marc:subfield>
            <marc:subfield code="f">1903 Sept. 16-1907 Oct. 5.</marc:subfield>
        </marc:datafield>
    </marc:record>