
    <marc:record>
        <marc:leader>11111nam a2200553ui 4500</marc:leader>
        <marc:controlfield tag="001">245-test25</marc:controlfield>
        <marc:datafield tag="245" ind1="0" ind2="0">
            <marc:subfield code="a">PL 17 Hearing Files</marc:subfield>
            <marc:subfield code="k">Case Files</marc:subfield>
            <marc:subfield code="f">1974</marc:subfield>
            <marc:subfield code="p">District 6</marc:subfield>
            <marc:subfield code="h">microfilm (jacketted in fiche).</marc:subfield>
        </marc:datafield>
    </marc:record>