
    <marc:record>
        <marc:leader>11111nam a2200553ui 4500</marc:leader>
        <marc:controlfield tag="001">245-test27</marc:controlfield>
        <marc:datafield tag="245" ind1="0" ind2="0">
            <marc:subfield code="a">Management report.</marc:subfield>
            <marc:subfield code="n">Part I /</marc:subfield>
            <marc:subfield code="c">U.S. Navy's Military Sealift Command.</marc:subfield>
        </marc:datafield>
    </marc:record>