
    <marc:record>
        <marc:leader>11111nam a2200553ui 4500</marc:leader>
        <marc:controlfield tag="001">245-test30</marc:controlfield>
        <marc:datafield tag="245" ind1="0" ind2="0">
            <marc:subfield code="a">Heritage Books archives.</marc:subfield>
            <marc:subfield code="p">Underwood biographical dictionary.</marc:subfield>
            <marc:subfield code="n">Volumes 1 &amp; 2 revised</marc:subfield>
            <marc:subfield code="h">[electronic resource] /</marc:subfield>
            <marc:subfield code="c">Laverne Galeener-Moore.</marc:subfield>
        </marc:datafield>
    </marc:record>