
    <marc:record>
        <marc:leader>11111nam a2200553ui 4500</marc:leader>
        <marc:controlfield tag="001">245-test33</marc:controlfield>
        <marc:datafield tag="245" ind1="1" ind2="0">
            <marc:subfield code="a">Internationale Strassenkarte.</marc:subfield>
            <marc:subfield code="p">Europe 1:2.5 Mio. :</marc:subfield>
            <marc:subfield code="b">mit Register = International road map.</marc:subfield>
            <marc:subfield code="p">Europe, 1:2.5 mio : with index /</marc:subfield>
            <marc:subfield code="c">RV Reise- und Verkehrsverlag.</marc:subfield>
        </marc:datafield>
    </marc:record>