
    <marc:record>
        <marc:leader>11111nam a2200553ui 4500</marc:leader>
        <marc:controlfield tag="001">245-test34</marc:controlfield>
        <marc:datafield tag="245" ind1="1" ind2="0">
            <marc:subfield code="a">Island series.</marc:subfield>
            <marc:subfield code="p">Penrhyn, bethymetry /</marc:subfield>
            <marc:subfield code="c">compilation by K.B. Lewis, P. Larkin, and T.T. Rongo ; bathymetric compilation and contouring by K.B. Lewis, T.T. Rongo and A.T. Utanga ; drawn by S.C. Glover.</marc:subfield>
        </marc:datafield>
    </marc:record>