
    <marc:record>
        <marc:leader>11111nam a2200553ui 4500</marc:leader>
        <marc:controlfield tag="001">245-test35</marc:controlfield>
        <marc:datafield tag="245" ind1="0" ind2="0">
            <marc:subfield code="a">Deutsche Bibliographie.</marc:subfield>
            <marc:subfield code="p">Wöchentliches Verzeichnis.</marc:subfield>
            <marc:subfield code="n">Reihe B,</marc:subfield>
            <marc:subfield code="p">Beilage, Erscheinungen ausserhalb des Verlagsbuchhandels :</marc:subfield>
            <marc:subfield code="b">Amtsblatt der Deutschen Bibliothek.</marc:subfield>
        </marc:datafield>
    </marc:record>