
    <marc:record>
        <marc:leader>11111nam a2200553ui 4500</marc:leader>
        <marc:controlfield tag="001">245-test36</marc:controlfield>
        <marc:datafield tag="245" ind1="0" ind2="0">
            <marc:subfield code="a">Portals to the world.</marc:subfield>
            <marc:subfield code="p">Selected Internet resources.</marc:subfield>
            <marc:subfield code="p">Maldives</marc:subfield>
            <marc:subfield code="h">[electronic resource] /</marc:subfield>
            <marc:subfield code="c">created and maintained by the Asian Division, Area Studies Directorate.</marc:subfield>
        </marc:datafield>
    </marc:record>