
    <marc:record>
        <marc:leader>11111nam a2200553ui 4500</marc:leader>
        <marc:controlfield tag="001">245-test40</marc:controlfield>
        <marc:datafield tag="245" ind1="0" ind2="0">
            <marc:subfield code="k">Records,</marc:subfield>
            <marc:subfield code="f">1939-1973</marc:subfield>
            <marc:subfield code="g">1965-1972.</marc:subfield>
        </marc:datafield>
    </marc:record>