
    <marc:record>
        <marc:leader>11111nam a2200553ui 4500</marc:leader>
        <marc:controlfield tag="001">245-test41</marc:controlfield>
        <marc:datafield tag="245" ind1="1" ind2="0">
            <marc:subfield code="k">Employment applications</marc:subfield>
            <marc:subfield code="g">Jan.-Dec. 1985.</marc:subfield>
        </marc:datafield>
    </marc:record>