
    <!-- not isbd -->
    <!--<marc:record>
        <marc:leader>11111nam a2200553u  4500</marc:leader>
        <marc:controlfield tag="001">245-test44</marc:controlfield>
        <marc:datafield tag="245" ind1="1" ind2="5">
            <marc:subfield code="a">Tōn meionotētōn eunoia</marc:subfield>
            <marc:subfield code="b">mythistorēma</marc:subfield>
            <marc:subfield code="c">Spyrou Gkrintzou.</marc:subfield>
        </marc:datafield>
    </marc:record>