
    <marc:record>
        <marc:leader>11111nam a2200553uu 4500</marc:leader>
        <marc:controlfield tag="001">245-test52</marc:controlfield>
        <marc:datafield tag="245" ind1="1" ind2="4">
            <marc:subfield code="a">The charity ball</marc:subfield>
            <marc:subfield code="b">a comedy in four acts</marc:subfield>
            <marc:subfield code="k">typescript</marc:subfield>
            <marc:subfield code="f">1889</marc:subfield>
            <marc:subfield code="c">by David Belasco and Henry C. DeMille.</marc:subfield>
        </marc:datafield>
    </marc:record>