
    <marc:record>
        <marc:leader>11111nam a2200553uc 4500</marc:leader>
        <marc:controlfield tag="001">245-test57</marc:controlfield>
        <marc:datafield tag="245" ind1="0" ind2="3">
            <marc:subfield code="a">Le Bureau</marc:subfield>
            <marc:subfield code="h">[filmstrip]</marc:subfield>
            <marc:subfield code="b">La Oficina : Das Büro.</marc:subfield>
        </marc:datafield>
    </marc:record>