
    <marc:record>
        <marc:leader>11111nam a2200553ua 4500</marc:leader>
        <marc:controlfield tag="001">245-test61</marc:controlfield>
        <marc:datafield tag="245" ind1="1" ind2="0">
            <marc:subfield code="a">Zentralblatt für Bakteriologie, Parasitenkunde, Infektionskrankheiten und Hygiene.</marc:subfield>
            <marc:subfield code="n">1. Abt. Originale.</marc:subfield>
            <marc:subfield code="n">Reihe B,</marc:subfield>
            <marc:subfield code="p">Hygiene, Krankenhaushygiene, Betriebshygiene, präventive Medizin.</marc:subfield>
        </marc:datafield>
    </marc:record>